%% This BibTeX bibliography file was created using BibDesk.
%% http://bibdesk.sourceforge.net/


%% Created for Molly Offer-Westort at 2022-01-06 21:00:28 -0600 


%% Saved with string encoding Unicode (UTF-8) 



@article{athey2019generalized,
	author = {Athey, Susan and Tibshirani, Julie and Wager, Stefan},
	date-added = {2022-01-06 20:53:31 -0600},
	date-modified = {2022-01-06 20:53:31 -0600},
	journal = {The Annals of Statistics},
	number = {2},
	pages = {1148--1178},
	publisher = {Institute of Mathematical Statistics},
	title = {Generalized random forests},
	volume = {47},
	year = {2019}}

@manual{blair2021package,
	author = {Blair, Graeme and Cooper, Jasper and Coppock, Alexander and Humphreys, Macartan and Sonnet, Luke },
	date-added = {2022-01-06 20:52:07 -0600},
	date-modified = {2022-01-06 20:56:57 -0600},
	note = {R package version 0.30.2},
	title = {estimatr: Fast Estimators for Design-Based Inference},
	url = {https://CRAN.R-project.org/package=estimatr},
	year = {2021}}

@article{lin2013agnostic,
	author = {Lin, Winston},
	date-added = {2022-01-06 20:51:21 -0600},
	date-modified = {2022-01-06 20:51:21 -0600},
	journal = {The Annals of Applied Statistics},
	number = {1},
	pages = {295--318},
	publisher = {Institute of Mathematical Statistics},
	title = {Agnostic notes on regression adjustments to experimental data: Reexamining Freedman's critique},
	volume = {7},
	year = {2013}}

@article{mackinnon1985some,
	author = {MacKinnon, James G and White, Halbert},
	date-added = {2022-01-06 20:50:23 -0600},
	date-modified = {2022-01-06 20:50:23 -0600},
	journal = {Journal of econometrics},
	number = {3},
	pages = {305--325},
	publisher = {Elsevier},
	title = {Some heteroskedasticity-consistent covariance matrix estimators with improved finite sample properties},
	volume = {29},
	year = {1985}}

@unpublished{offer-westort2021optimal,
	author = {Offer-Westort, Molly and Rosenzweig, Leah R and Athey, Susan},
	date-added = {2022-01-06 20:45:23 -0600},
	date-modified = {2022-01-06 20:46:50 -0600},
	note = {{OSF Registered Study}},
	title = {Optimal Policies to Battle the Coronavirus ``Infodemic'' Among Social Media Users in {Sub-Saharan Africa}},
	year = {2021}}

@misc{cite-key,
	date-added = {2022-01-06 20:43:59 -0600},
	date-modified = {2022-01-06 20:43:59 -0600}}

@misc{afrobarometer-ky-2020,
	author = {{Afrobarometer Data}},
	date-added = {2022-01-06 20:38:59 -0600},
	date-modified = {2022-01-06 20:40:36 -0600},
	title = {{Kenya, Round 8}},
	url = {http://www.afrobarometer.org},
	year = {2020},
	bdsk-url-1 = {http://www.afrobarometer.org}}

@misc{afrobarometer-ng-2018,
	author = {{Afrobarometer Data}},
	date-added = {2022-01-06 20:35:21 -0600},
	date-modified = {2022-01-06 20:40:08 -0600},
	title = {{Nigeria, Round 7}},
	url = {http://www.afrobarometer.org},
	year = {2018}}

@article{ameyaw2021decomposing,
	author = {Ameyaw, Edward Kwabena and Kareem, Yusuf Olushola and Ahinkorah, Bright Opoku and Seidu, Abdul-Aziz and Yaya, Sanni},
	date-added = {2022-01-06 20:29:59 -0600},
	date-modified = {2022-01-06 21:00:28 -0600},
	journal = {BMJ Global Health},
	number = {1},
	pages = {e003773},
	publisher = {BMJ Specialist Journals},
	title = {Decomposing the rural-urban gap in factors associated with childhood immunisation in sub-{S}aharan {A}frica: Evidence from surveys in 23 countries},
	volume = {6},
	year = {2021}}

@article{orangi2021assessing,
	author = {Orangi, Stacey and Pinchoff, Jessie and Mwanga, Daniel and Abuya, Timothy and Hamaluba, Mainga and Warimwe, George and Austrian, Karen and Barasa, Edwine},
	date-added = {2022-01-06 20:28:17 -0600},
	date-modified = {2022-01-06 20:59:54 -0600},
	journal = {medRxiv},
	publisher = {Cold Spring Harbor Laboratory Press},
	title = {Assessing the level and determinants of {COVID-19} Vaccine Confidence in {K}enya},
	year = {2021}}

@article{roozenbeek2020susceptibility,
	author = {Roozenbeek, Jon and Schneider, Claudia R and Dryhurst, Sarah and Kerr, John and Freeman, Alexandra LJ and Recchia, Gabriel and Van Der Bles, Anne Marthe and Van Der Linden, Sander},
	date-added = {2022-01-06 20:26:36 -0600},
	date-modified = {2022-01-06 20:58:33 -0600},
	journal = {Royal Society open science},
	number = {10},
	pages = {201199},
	publisher = {The Royal Society},
	title = {Susceptibility to misinformation about {COVID-19} around the world},
	volume = {7},
	year = {2020}}

@article{russo16a,
	author = {Daniel Russo},
	bibsource = {dblp computer science bibliography, https://dblp.org},
	biburl = {https://dblp.org/rec/journals/corr/Russo16.bib},
	date-added = {2021-11-27 17:58:07 -0600},
	date-modified = {2021-11-27 17:58:16 -0600},
	eprint = {1602.08448},
	eprinttype = {arXiv},
	journal = {CoRR},
	timestamp = {Mon, 13 Aug 2018 16:46:21 +0200},
	title = {Simple Bayesian Algorithms for Best Arm Identification},
	url = {http://arxiv.org/abs/1602.08448},
	volume = {abs/1602.08448},
	year = {2016},
	bdsk-url-1 = {http://arxiv.org/abs/1602.08448}}

@inproceedings{li2010contextual,
	author = {Li, Lihong and Chu, Wei and Langford, John and Schapire, Robert E},
	booktitle = {Proceedings of the 19th international conference on World wide web},
	date-added = {2021-11-27 17:52:37 -0600},
	date-modified = {2021-11-27 17:52:37 -0600},
	organization = {ACM},
	pages = {661--670},
	title = {A contextual-bandit approach to personalized news article recommendation},
	year = {2010}}

@article{guessetal2020digital,
	author = {Guess, Andrew M and Lerner, Michael and Lyons, Benjamin and Montgomery, Jacob M and Nyhan, Brendan and Reifler, Jason and Sircar, Neelanjan},
	date-added = {2021-11-27 17:52:37 -0600},
	date-modified = {2021-11-27 17:52:37 -0600},
	journal = {Proceedings of the National Academy of Sciences},
	number = {27},
	pages = {15536--15545},
	publisher = {National Acad Sciences},
	title = {A digital media literacy intervention increases discernment between mainstream and false news in the United States and India},
	volume = {117},
	year = {2020}}

@article{horvitz1952,
	author = {D.G. Horvitz and D.J. Thompson},
	date-added = {2021-11-27 17:52:37 -0600},
	date-modified = {2021-11-27 17:52:37 -0600},
	journal = {Journal of the American Statistical Association},
	number = {260},
	pages = {663-685},
	title = {A Generalization of Sampling Without Replacement from a Finite Universe},
	volume = {47},
	year = {1952}}

@article{haghdoost2020alcohol,
	author = {Yasna Haghdoost},
	date-added = {2021-11-27 17:52:37 -0600},
	date-modified = {2021-11-27 17:52:37 -0600},
	journal = {Bloomberg Markets},
	title = {Alcohol Poisoning Kills 100 {}Iranians Seeking Virus Protection},
	url = {https://www.bloomberg.com/news/articles/2020-03-18/alcohol-poisoning-kills-100-iranians-seeking-virus-protection},
	urldate = {2020-03-18},
	year = {2020},
	bdsk-url-1 = {https://www.bloomberg.com/news/articles/2020-03-18/alcohol-poisoning-kills-100-iranians-seeking-virus-protection}}

@article{athey2018approximate,
	author = {Athey, Susan and Imbens, Guido W and Wager, Stefan},
	date-added = {2021-11-27 17:52:37 -0600},
	date-modified = {2021-11-27 17:52:37 -0600},
	journal = {Journal of the Royal Statistical Society: Series B (Statistical Methodology)},
	number = {4},
	pages = {597--623},
	publisher = {Wiley Online Library},
	title = {Approximate residual balancing: debiased inference of average treatment effects in high dimensions},
	volume = {80},
	year = {2018}}

@inproceedings{dimakopoulou2019balanced,
	author = {Dimakopoulou, Maria and Zhou, Zhengyuan and Athey, Susan and Imbens, Guido},
	booktitle = {Proceedings of the AAAI Conference on Artificial Intelligence},
	date-added = {2021-11-27 17:52:37 -0600},
	date-modified = {2021-11-27 17:52:37 -0600},
	pages = {3445--3453},
	title = {Balanced linear contextual bandits},
	volume = {33},
	year = {2019}}

@inproceedings{audibert2010best,
	author = {Audibert, Jean-Yves and Bubeck, S{\'e}bastien},
	date-added = {2021-11-27 17:52:37 -0600},
	date-modified = {2021-11-27 17:52:37 -0600},
	title = {Best arm identification in multi-armed bandits},
	year = {2010}}

@article{leotti2010born,
	author = {Leotti, Lauren A and Iyengar, Sheena S and Ochsner, Kevin N},
	date-added = {2021-11-27 17:52:37 -0600},
	date-modified = {2021-11-27 17:52:37 -0600},
	journal = {Trends in cognitive sciences},
	number = {10},
	pages = {457--463},
	publisher = {Elsevier},
	title = {Born to choose: The origins and value of the need for control},
	volume = {14},
	year = {2010}}

@article{HKS_whatsapp,
	author = {Reis, J. C. S and Melo, P and Garimella, K and Benevenuto, F},
	date-added = {2021-11-27 17:52:37 -0600},
	date-modified = {2021-11-27 17:52:37 -0600},
	doi = {https://doi.org/10.37016/mr-2020-035},
	journal = {The Harvard Kennedy School (HKS) Misinformation Review},
	title = {Can WhatsApp benefit from debunked fact-checked stories to reduce misinformation?},
	year = {2020},
	bdsk-url-1 = {https://doi.org/10.37016/mr-2020-035}}

@article{hadad2019confidence,
	author = {Hadad, Vitor and Hirshberg, David A and Zhan, Ruohan and Wager, Stefan and Athey, Susan},
	date-added = {2021-11-27 17:52:37 -0600},
	date-modified = {2021-11-27 17:52:37 -0600},
	journal = {arXiv preprint arXiv:1911.02768},
	title = {Confidence intervals for policy evaluation in adaptive experiments},
	year = {2019}}

@article{cole2008constructing,
	author = {Cole, Stephen R and Hern{\'a}n, Miguel A},
	date-added = {2021-11-27 17:52:37 -0600},
	date-modified = {2021-11-27 17:52:37 -0600},
	journal = {American journal of epidemiology},
	number = {6},
	pages = {656--664},
	publisher = {Oxford University Press},
	title = {Constructing inverse probability weights for marginal structural models},
	volume = {168},
	year = {2008}}

@misc{bowles2020center,
	author = {Bowles, Jeremy and Larreguy, Horacio and Liu, Shelley},
	date-added = {2021-11-27 17:52:37 -0600},
	date-modified = {2022-01-06 20:59:09 -0600},
	publisher = {Working Paper},
	title = {Countering Misinformation Via WhatsApp: Evidence from the {COVID-19} Pandemic in Zimbabwe},
	year = {2020}}

@article{athey2017efficient,
	author = {Athey, Susan and Wager, Stefan},
	date-added = {2021-11-27 17:52:37 -0600},
	date-modified = {2021-11-27 17:52:37 -0600},
	journal = {arXiv preprint arXiv:1702.02896},
	title = {Efficient policy learning},
	year = {2017}}

@article{dimakopoulou2017estimation,
	author = {Dimakopoulou, Maria and Athey, Susan and Imbens, Guido},
	date-added = {2021-11-27 17:52:37 -0600},
	date-modified = {2021-11-27 17:52:37 -0600},
	journal = {arXiv preprint arXiv:1711.07077},
	title = {Estimation considerations in contextual bandits},
	year = {2017}}

@article{robins1994estimation,
	author = {Robins, James M and Rotnitzky, Andrea and Zhao, Lue Ping},
	date-added = {2021-11-27 17:52:37 -0600},
	date-modified = {2021-11-27 17:52:37 -0600},
	journal = {Journal of the American statistical Association},
	number = {427},
	pages = {846--866},
	publisher = {Taylor \& Francis},
	title = {Estimation of regression coefficients when some regressors are not always observed},
	volume = {89},
	year = {1994}}

@article{jahanbakhsh2021exploring,
	author = {Jahanbakhsh, Farnaz and Zhang, Amy X and Berinsky, Adam J and Pennycook, Gordon and Rand, David G and Karger, David R},
	date-added = {2021-11-27 17:52:37 -0600},
	date-modified = {2021-11-27 17:52:37 -0600},
	journal = {arXiv preprint arXiv:2101.11824},
	title = {Exploring Lightweight Interventions at Posting Time to Reduce the Sharing of Misinformation on Social Media},
	year = {2021}}

@article{nyhan2020facts,
	author = {Nyhan, Brendan},
	date-added = {2021-11-27 17:52:37 -0600},
	date-modified = {2021-11-27 17:52:37 -0600},
	journal = {Journal of Economic Perspectives},
	number = {3},
	pages = {220--36},
	title = {Facts and Myths about Misperceptions},
	volume = {34},
	year = {2020}}

@article{bago2020fake,
	author = {Bago, Bence and Rand, David G and Pennycook, Gordon},
	date-added = {2021-11-27 17:52:37 -0600},
	date-modified = {2021-11-27 17:52:37 -0600},
	journal = {Journal of experimental psychology: general},
	publisher = {American Psychological Association},
	title = {Fake news, fast and slow: Deliberation reduces belief in false (but not true) news headlines.},
	year = {2020}}

@article{muller2019fanning,
	author = {M{\"u}ller, Karsten and Schwarz, Carlo},
	date-added = {2021-11-27 17:52:37 -0600},
	date-modified = {2021-11-27 17:52:37 -0600},
	journal = {Available at SSRN 3082972},
	title = {Fanning the flames of hate: Social media and hate crime},
	year = {2019}}

@article{pennycook2020fighting,
	author = {Pennycook, Gordon and McPhetres, Jonathon and Zhang, Yunhao and Lu, Jackson G and Rand, David G},
	date-added = {2021-11-27 17:52:37 -0600},
	date-modified = {2022-01-06 20:58:19 -0600},
	journal = {Psychological science},
	pages = {0956797620939054},
	publisher = {SAGE Publications Sage CA: Los Angeles, CA},
	title = {Fighting {COVID-19} Misinformation on Social Media: Experimental Evidence for a Scalable Accuracy-Nudge Intervention},
	year = {2020}}

@manual{Tibshirani:2021,
	author = {Julie Tibshirani and Susan Athey and Stefan Wager},
	date-added = {2021-11-27 17:52:37 -0600},
	date-modified = {2022-01-06 20:54:38 -0600},
	note = {R package version 2.0.2},
	title = {grf: Generalized Random Forests},
	url = {https://CRAN.R-project.org/package=grf},
	year = {2021},
	bdsk-url-1 = {https://CRAN.R-project.org/package=grf}}

@book{cialdini1987influence,
	author = {Cialdini, Robert B},
	date-added = {2021-11-27 17:52:37 -0600},
	date-modified = {2021-11-27 17:52:37 -0600},
	publisher = {A. Michel Port Harcourt},
	title = {Influence},
	volume = {3},
	year = {1987}}

@article{vinck2019institutional,
	author = {Vinck, Patrick and Pham, Phuong N and Bindu, Kenedy K and Bedford, Juliet and Nilles, Eric J},
	date-added = {2021-11-27 17:52:37 -0600},
	date-modified = {2021-11-27 17:52:37 -0600},
	journal = {The Lancet Infectious Diseases},
	number = {5},
	pages = {529--536},
	publisher = {Elsevier},
	title = {Institutional trust and misinformation in the response to the 2018--19 Ebola outbreak in North Kivu, DR Congo: a population-based survey},
	volume = {19},
	year = {2019}}

@article{bloniarz2016lasso,
	author = {Bloniarz, Adam and Liu, Hanzhong and Zhang, Cun-Hui and Sekhon, Jasjeet S and Yu, Bin},
	date-added = {2021-11-27 17:52:37 -0600},
	date-modified = {2021-11-27 17:52:37 -0600},
	journal = {Proceedings of the National Academy of Sciences},
	number = {27},
	pages = {7383--7390},
	publisher = {National Acad Sciences},
	title = {Lasso adjustments of treatment effect estimates in randomized experiments},
	volume = {113},
	year = {2016}}

@article{guess2019less,
	author = {Guess, Andrew and Nagler, Jonathan and Tucker, Joshua},
	date-added = {2021-11-27 17:52:37 -0600},
	date-modified = {2021-11-27 17:52:37 -0600},
	journal = {Science advances},
	number = {1},
	pages = {eaau4586},
	publisher = {American Association for the Advancement of Science},
	title = {Less than you think: Prevalence and predictors of fake news dissemination on Facebook},
	volume = {5},
	year = {2019}}

@article{vanderweele2010marginal,
	author = {VanderWeele, Tyler J and Vansteelandt, Stijn and Robins, James M},
	date-added = {2021-11-27 17:52:37 -0600},
	date-modified = {2021-11-27 17:52:37 -0600},
	journal = {American journal of epidemiology},
	number = {4},
	pages = {506--514},
	publisher = {Oxford University Press},
	title = {Marginal structural models for sufficient cause interactions},
	volume = {171},
	year = {2010}}

@incollection{wittenberg2020misinformation,
	author = {Wittenberg, Chloe and Berinsky, Adam J},
	booktitle = {Social Media and Democracy: The State of the Field, Prospects for Reform},
	date-added = {2021-11-27 17:52:37 -0600},
	date-modified = {2021-11-27 17:52:37 -0600},
	editor = {Persily, Nathaniel and Tucker, Joshua A},
	pages = {163},
	publisher = {Cambridge University Press},
	title = {Misinformation and its correction},
	year = {2020}}

@article{bursztyn2020misinformation,
	author = {Bursztyn, Leonardo and Rao, Aakaash and Roth, Christopher and Yanagizawa-Drott, David},
	date-added = {2021-11-27 17:52:37 -0600},
	date-modified = {2021-11-27 17:52:37 -0600},
	journal = {University of Chicago, Becker Friedman Institute for Economics Working Paper},
	number = {2020-44},
	title = {Misinformation during a pandemic},
	year = {2020}}

@article{busari2020nigeria,
	author = {Stephanie Busari and Bukola Adebayo},
	date-added = {2021-11-27 17:52:37 -0600},
	date-modified = {2021-11-27 17:52:37 -0600},
	journal = {CNN, Facts First},
	title = {Nigeria records chloroquine poisoning after Trump endorses it for coronavirus treatment},
	url = {https://www.cnn.com/2020/03/23/africa/chloroquine-trump-nigeria-intl/index.html},
	urldate = {2020-03-23},
	year = {2020},
	bdsk-url-1 = {https://www.cnn.com/2020/03/23/africa/chloroquine-trump-nigeria-intl/index.html}}

@article{zhou2018offline,
	author = {Zhou, Zhengyuan and Athey, Susan and Wager, Stefan},
	date-added = {2021-11-27 17:52:37 -0600},
	date-modified = {2021-11-27 17:52:37 -0600},
	journal = {arXiv preprint arXiv:1810.04778},
	title = {Offline multi-action policy learning: Generalization and optimization},
	year = {2018}}

@article{thompson1933likelihood,
	author = {Thompson, William R},
	date-added = {2021-11-27 17:52:37 -0600},
	date-modified = {2021-11-27 17:52:37 -0600},
	journal = {Biometrika},
	number = {3/4},
	pages = {285--294},
	publisher = {JSTOR},
	title = {On the likelihood that one unknown probability exceeds another in view of the evidence of two samples},
	volume = {25},
	year = {1933}}

@article{thompson1935theory,
	author = {Thompson, William R},
	date-added = {2021-11-27 17:52:37 -0600},
	date-modified = {2021-11-27 17:52:37 -0600},
	journal = {American Journal of Mathematics},
	number = {2},
	pages = {450--456},
	publisher = {JSTOR},
	title = {On the theory of apportionment},
	volume = {57},
	year = {1935}}

@article{athey2021policy,
	author = {Athey, Susan and Wager, Stefan},
	date-added = {2021-11-27 17:52:37 -0600},
	date-modified = {2021-11-27 17:52:37 -0600},
	journal = {Econometrica},
	number = {1},
	pages = {133--161},
	publisher = {Wiley Online Library},
	title = {Policy learning with observational data},
	volume = {89},
	year = {2021}}

@article{sverdrup2020policytree,
	author = {Sverdrup, Erik and Kanodia, Ayush and Zhou, Zhengyuan and Athey, Susan and Wager, Stefan},
	date-added = {2021-11-27 17:52:37 -0600},
	date-modified = {2021-11-27 17:52:37 -0600},
	journal = {Journal of Open Source Software},
	number = {50},
	pages = {2232},
	title = {policytree: Policy learning via doubly robust empirical welfare maximization over trees},
	volume = {5},
	year = {2020}}

@article{gilens2001political,
	author = {Gilens, Martin},
	date-added = {2021-11-27 17:52:37 -0600},
	date-modified = {2021-11-27 17:52:37 -0600},
	journal = {American Political Science Review},
	pages = {379--396},
	publisher = {JSTOR},
	title = {Political ignorance and collective policy preferences},
	year = {2001}}

@article{swire2020public,
	author = {Swire-Thompson, Briony and Lazer, David},
	date-added = {2021-11-27 17:52:37 -0600},
	date-modified = {2021-11-27 17:52:37 -0600},
	journal = {Annual Review of Public Health},
	pages = {433--451},
	publisher = {Annual Reviews},
	title = {Public health and online misinformation: challenges and recommendations},
	volume = {41},
	year = {2020}}

@article{bubeck2011pure,
	author = {Bubeck, S{\'e}bastien and Munos, R{\'e}mi and Stoltz, Gilles},
	date-added = {2021-11-27 17:52:37 -0600},
	date-modified = {2021-11-27 17:52:37 -0600},
	journal = {Theoretical Computer Science},
	number = {19},
	pages = {1832--1852},
	publisher = {Elsevier},
	title = {Pure exploration in finitely-armed and continuous-armed bandits},
	volume = {412},
	year = {2011}}

@article{simon2011regularization,
	author = {Simon, Noah and Friedman, Jerome and Hastie, Trevor and Tibshirani, Rob},
	date-added = {2021-11-27 17:52:37 -0600},
	date-modified = {2021-11-27 17:52:37 -0600},
	journal = {Journal of statistical software},
	number = {5},
	pages = {1},
	publisher = {NIH Public Access},
	title = {Regularization paths for Cox's proportional hazards model via coordinate descent},
	volume = {39},
	year = {2011}}

@article{amazeen2019reinforcing,
	author = {Amazeen, Michelle A and Vargo, Chris J and Hopp, Toby},
	date-added = {2021-11-27 17:52:37 -0600},
	date-modified = {2021-11-27 17:52:37 -0600},
	journal = {Communication Monographs},
	number = {1},
	pages = {112--132},
	publisher = {Routledge},
	title = {Reinforcing attitudes in a gatewatching news era: Individual-level antecedents to sharing fact-checks on social media},
	volume = {86},
	year = {2019}}

@misc{martel2019reliance,
	author = {Martel, Cameron and Pennycook, Gordon and Rand, David G},
	date-added = {2021-11-27 17:52:37 -0600},
	date-modified = {2021-11-27 17:52:37 -0600},
	title = {Reliance on emotion promotes belief in fake news},
	year = {2019}}

@unpublished{zhan2020retrospective,
	author = {Zhan, Ruohan},
	date-added = {2021-11-27 17:52:37 -0600},
	date-modified = {2021-11-27 17:52:37 -0600},
	title = {Retrospective Inference for Stochastic Contextual Bandits},
	year = {2020}}

@manual{mosek2019,
	author = {{MOSEK ApS}},
	date-added = {2021-11-27 17:52:37 -0600},
	date-modified = {2021-11-27 17:52:37 -0600},
	note = {{R package version 1.3.5}},
	title = {{Rmosek: The R to MOSEK Optimization Interface}},
	url = {{https://CRAN.R-project.org/package=Rmosek}},
	year = {2019},
	bdsk-url-1 = {%7Bhttps://CRAN.R-project.org/package=Rmosek%7D}}

@article{swire2020searching,
	author = {Swire-Thompson, Briony and DeGutis, Joseph and Lazer, David},
	date-added = {2021-11-27 17:52:37 -0600},
	date-modified = {2021-11-27 17:52:37 -0600},
	publisher = {PsyArXiv},
	title = {Searching for the backfire effect: Measurement and design considerations},
	year = {2020}}

@article{mosleh2020self,
	author = {Mosleh, Mohsen and Pennycook, Gordon and Rand, David G},
	date-added = {2021-11-27 17:52:37 -0600},
	date-modified = {2021-11-27 17:52:37 -0600},
	journal = {Plos one},
	number = {2},
	pages = {e0228882},
	publisher = {Public Library of Science San Francisco, CA USA},
	title = {Self-reported willingness to share political news articles in online surveys correlates with actual sharing on Twitter},
	volume = {15},
	year = {2020}}

@article{davidian2005semiparametric,
	author = {Davidian, Marie and Tsiatis, Anastasios A and Leon, Selene},
	date-added = {2021-11-27 17:52:37 -0600},
	date-modified = {2021-11-27 17:52:37 -0600},
	journal = {Statistical science: a review journal of the Institute of Mathematical Statistics},
	number = {3},
	pages = {261},
	publisher = {NIH Public Access},
	title = {Semiparametric estimation of treatment effect in a pretest--posttest study with missing data},
	volume = {20},
	year = {2005}}

@article{levy2020social,
	author = {Levy, Roee},
	date-added = {2021-11-27 17:52:37 -0600},
	date-modified = {2021-11-27 17:52:37 -0600},
	journal = {News Consumption, and Polarization: Evidence from a Field Experiment (July 16, 2020)},
	title = {Social Media, News Consumption, and Polarization: Evidence from a Field Experiment},
	year = {2020}}

@misc{Grossman2020,
	author = {Goldstein, Josh A. and Grossman, Shelby},
	date-added = {2021-11-27 17:52:37 -0600},
	date-modified = {2022-01-06 20:58:47 -0600},
	publisher = {Working Paper},
	title = {Social Media, Partisanship, and {COVID-19} Misinformation: Evidence from Nigeria},
	url = {osf.io/6yw7q},
	year = {2020},
	bdsk-url-1 = {osf.io/6yw7q}}

@article{robbins1952some,
	author = {Robbins, Herbert},
	date-added = {2021-11-27 17:52:37 -0600},
	date-modified = {2021-11-27 17:52:37 -0600},
	journal = {Bulletin of the American Mathematical Society},
	number = {5},
	pages = {527--535},
	publisher = {Citeseer},
	title = {Some aspects of the sequential design of experiments},
	volume = {58},
	year = {1952}}

@article{greensop1.05,
	author = {Lin, Winston and Green, Donald P and Coppock, Alexander},
	date-added = {2021-11-27 17:52:37 -0600},
	date-modified = {2021-11-27 17:52:37 -0600},
	month = {June 7},
	title = {Standard operating procedures for Don Green's lab at Columbia},
	volume = {Version 1.05},
	year = {2016}}

@misc{Rosenzweig_2020,
	author = {Rosenzweig, Leah R. and Bergquist, Parrish and Hoffmann Pham, Katherine and Rampazzo, Francesco and Mildenberger, Matto},
	date-added = {2021-11-27 17:52:37 -0600},
	date-modified = {2021-11-27 17:52:37 -0600},
	month = {July},
	publisher = {Working Paper},
	title = {Survey Sampling in the Global South Using Facebook Advertisements},
	url = {https://static1.squarespace.com/static/5410fc5ae4b0b9bdbd0cde82/t/5f201d340708bc5116d036cd/1595940154387/Facebook_sampling_public.pdf},
	year = {2020},
	bdsk-url-1 = {https://static1.squarespace.com/static/5410fc5ae4b0b9bdbd0cde82/t/5f201d340708bc5116d036cd/1595940154387/Facebook_sampling_public.pdf}}

@misc{pennycook_rand_2020,
	author = {Pennycook, Gordon and Rand, David G},
	date-added = {2021-11-27 17:52:37 -0600},
	date-modified = {2021-11-27 17:52:37 -0600},
	doi = {10.31234/osf.io/ar96c},
	month = {Nov},
	publisher = {PsyArXiv},
	title = {The Cognitive Science of Fake News},
	url = {psyarxiv.com/ar96c},
	year = {2020},
	bdsk-url-1 = {psyarxiv.com/ar96c},
	bdsk-url-2 = {https://doi.org/10.31234/osf.io/ar96c}}

@article{broockman2017design,
	author = {Broockman, David E and Kalla, Joshua L and Sekhon, Jasjeet S},
	date-added = {2021-11-27 17:52:37 -0600},
	date-modified = {2021-11-27 17:52:37 -0600},
	journal = {Political Analysis},
	number = {4},
	pages = {435--464},
	publisher = {Cambridge University Press},
	title = {The design of field experiments with survey outcomes: A framework for selecting more efficient, robust, and ethical designs},
	volume = {25},
	year = {2017}}

@article{gross1998emerging,
	author = {Gross, James J},
	date-added = {2021-11-27 17:52:37 -0600},
	date-modified = {2021-11-27 17:52:37 -0600},
	journal = {Review of general psychology},
	number = {3},
	pages = {271--299},
	publisher = {SAGE Publications Sage CA: Los Angeles, CA},
	title = {The emerging field of emotion regulation: An integrative review},
	volume = {2},
	year = {1998}}

@article{cotterill2013impact,
	author = {Cotterill, Sarah and John, Peter and Richardson, Liz},
	date-added = {2021-11-27 17:52:37 -0600},
	date-modified = {2021-11-27 17:52:37 -0600},
	journal = {Social Science Quarterly},
	number = {1},
	pages = {200--216},
	publisher = {Wiley Online Library},
	title = {The impact of a pledge request and the promise of publicity: A randomized controlled trial of charitable donations},
	volume = {94},
	year = {2013}}

@article{chan2016internet,
	author = {Chan, Jason and Ghose, Anindya and Seamans, Robert},
	date-added = {2021-11-27 17:52:37 -0600},
	date-modified = {2021-11-27 17:52:37 -0600},
	journal = {MIS Quarterly},
	number = {2},
	pages = {381--403},
	title = {The internet and racial hate crime: Offline spillovers from online access},
	volume = {40},
	year = {2016}}

@article{vosoughi2018spread,
	author = {Vosoughi, Soroush and Roy, Deb and Aral, Sinan},
	date-added = {2021-11-27 17:52:37 -0600},
	date-modified = {2021-11-27 17:52:37 -0600},
	journal = {Science},
	number = {6380},
	pages = {1146--1151},
	publisher = {American Association for the Advancement of Science},
	title = {The spread of true and false news online},
	volume = {359},
	year = {2018}}

@inproceedings{agrawal2013thompson,
	author = {Agrawal, Shipra and Goyal, Navin},
	booktitle = {International Conference on Machine Learning},
	date-added = {2021-11-27 17:52:37 -0600},
	date-modified = {2021-11-27 17:52:37 -0600},
	pages = {127--135},
	title = {Thompson sampling for contextual bandits with linear payoffs},
	year = {2013}}

@article{brennen2020types,
	author = {Brennen, J Scott and Simon, Felix M and Howard, Philip N and Nielsen, Rasmus Kleis},
	date-added = {2021-11-27 17:52:37 -0600},
	date-modified = {2022-01-06 20:58:57 -0600},
	journal = {Reuters Institute},
	title = {Types, sources, and claims of {COVID-19} misinformation},
	year = {2020}}

@misc{pennycook_epstein_mosleh_arechar_eckles_rand_2019,
	author = {Pennycook, Gordon and Epstein, Ziv and Mosleh, Mohsen and Arechar, Antonio A and Eckles, Dean and Rand, David G},
	date-added = {2021-11-27 17:52:37 -0600},
	date-modified = {2021-11-27 17:52:37 -0600},
	doi = {10.31234/osf.io/3n9u8},
	month = {Nov},
	publisher = {PsyArXiv},
	title = {Understanding and reducing the spread of misinformation online},
	url = {psyarxiv.com/3n9u8},
	year = {2019},
	bdsk-url-1 = {psyarxiv.com/3n9u8},
	bdsk-url-2 = {https://doi.org/10.31234/osf.io/3n9u8}}

@article{costa2018walking,
	author = {Costa, Mia and Schaffner, Brian F and Prevost, Alicia},
	date-added = {2021-11-27 17:52:37 -0600},
	date-modified = {2021-11-27 17:52:37 -0600},
	journal = {PloS one},
	number = {5},
	pages = {e0197066},
	publisher = {Public Library of Science San Francisco, CA USA},
	title = {Walking the walk? Experiments on the effect of pledging to vote on youth turnout},
	volume = {13},
	year = {2018}}

@article{nie2017adaptively,
	author = {Nie, Xinkun and Tian, Xiaoying and Taylor, Jonathan and Zou, James},
	date-added = {2021-11-27 17:52:37 -0600},
	date-modified = {2021-11-27 17:52:37 -0600},
	journal = {arXiv preprint arXiv:1708.01977},
	title = {Why adaptively collected data have negative bias and how to correct for it},
	year = {2017}}

@article{mwaura2019why-some,
	author = {Waihiga Mwaura},
	date = {2020-07-19},
	date-added = {2021-11-27 17:52:37 -0600},
	date-modified = {2021-11-27 17:52:37 -0600},
	journal = {BBC Africa},
	title = {Why some {K}enyans still deny coronavirus exists},
	url = {https://www.bbc.com/news/world-africa-53403818},
	urldate = {2020-07-19},
	year = {2020},
	bdsk-url-1 = {https://www.bbc.com/news/world-africa-53403818}}

@article{marquardt1980you,
	author = {Marquardt, D},
	date-added = {2021-11-27 17:52:37 -0600},
	date-modified = {2021-11-27 17:52:37 -0600},
	journal = {Journal of the American Statistical Association},
	number = {369},
	pages = {87--91},
	title = {You should standardize the predictor variables in your regression models, comment on ``{A} critique of some ridge regression methods'' by {G.} {S}mith and {F}. {C}ampbell},
	volume = {75},
	year = {1980}}

@article{sharma2017zika,
	author = {Sharma, Megha and Yadav, Kapil and Yadav, Nitika and Ferdinand, Keith C},
	date-added = {2021-11-27 17:52:37 -0600},
	date-modified = {2021-11-27 17:52:37 -0600},
	journal = {American journal of infection control},
	number = {3},
	pages = {301--302},
	publisher = {Elsevier},
	title = {Zika virus pandemic---analysis of Facebook as a social media health information platform},
	volume = {45},
	year = {2017}}
